
@article{abrahamsson_fast_2013,
	title = {Fast multicolor 3D imaging using aberration-corrected multifocus microscopy},
	volume = {10},
	issn = {1548-7091},
	doi = {10.1038/nmeth.2277},
	number = {1},
	journal = {Nature Methods},
	author = {Abrahamsson, Sara and Chen, Jiji and Hajj, Bassam and Stallinga, Sjoerd and Katsov, Alexander Y. and Wisniewski, Jan and Mizuguchi, Gaku and Soule, Pierre and Mueller, Florian and Darzacq, Claire Dugast and al, et},
	month = jan,
	year = {2013},
	pages = {60--63}
}

@article{aguilaniu_asymmetric_2003,
	title = {Asymmetric Inheritance of Oxidatively Damaged Proteins During Cytokinesis},
	volume = {299},
	issn = {0036-8075, 1095-9203},
	doi = {10.1126/science.1080418},
	number = {5613},
	journal = {Science},
	author = {Aguilaniu, Hugo and Gustafsson, Lena and Rigoulet, Michel and Nystrom, Thomas},
	month = mar,
	year = {2003},
	pmid = {12610228},
	pages = {1751--1753}
}

@article{akemann_imaging_2010,
	title = {Imaging brain electric signals with genetically targeted voltage-sensitive fluorescent proteins},
	volume = {7},
	issn = {1548-7091},
	doi = {10.1038/nmeth.1479},
	number = {8},
	journal = {Nature Methods},
	author = {Akemann, Walther and Mutoh, Hiroki and Perron, Amelie and Rossier, Jean and Knopfel, Thomas},
	month = aug,
	year = {2010},
	pages = {643--649}
}

@article{alexander_opa1_2000,
	title = {OPA1, encoding a dynamin-related GTPase, is mutated in autosomal dominant optic atrophy linked to chromosome 3q28},
	volume = {26},
	issn = {1061-4036},
	doi = {10.1038/79944},
	number = {2},
	journal = {Nature Genetics},
	author = {Alexander, C. and Votruba, M. and Pesch, U. E. and Thiselton, D. L. and Mayer, S. and Moore, A. and Rodriguez, M. and Kellner, U. and Leo-Kottler, B. and Auburger, G. and al, et},
	month = oct,
	year = {2000},
	pmid = {11017080},
	pages = {211--215}
}

@article{amchenkova_coupling_1988,
	title = {Coupling membranes as energy-transmitting cables. I.Filamentous mitochondria in fibroblasts and mitochondrial clusters in cardiomyocytes},
	volume = {107},
	issn = {0021-9525},
	number = {2},
	journal = {The Journal of Cell Biology},
	author = {Amchenkova, A. A. and Bakeeva, L. E. and Chentsov, Y. S. and Skulachev, V. P. and Zorov, D. B.},
	month = aug,
	year = {1988},
	pmid = {3417757PMCID: PMC2115217},
	pages = {481--495}
}

@article{baba_three-dimensional_1989,
	title = {Three-dimensional analysis of morphogenesis induced by mating pheromone alpha factor in Saccharomyces cerevisiae},
	volume = {94},
	issn = {0021-9533, 1477-9137},
	number = {2},
	journal = {Journal of Cell Science},
	author = {Baba, M. and Baba, N. and Ohsumi, Y. and Kanaya, K. and Osumi, M.},
	month = oct,
	year = {1989},
	pmid = {2695529},
	pages = {207--216}
}

@article{babcock_fast_2013,
	title = {Fast compressed sensing analysis for super-resolution imaging using L1-homotopy},
	volume = {21},
	issn = {1094-4087},
	doi = {10.1364/OE.21.028583},
	number = {23},
	journal = {Optics Express},
	author = {Babcock, Hazen P. and Moffitt, Jeffrey R. and Cao, Yunlong and Zhuang, Xiaowei},
	month = nov,
	year = {2013},
	pages = {28583}
}

@article{balaban_mitochondria_2005,
	title = {Mitochondria, Oxidants, and Aging},
	volume = {120},
	issn = {0092-8674},
	doi = {10.1016/j.cell.2005.02.001},
	number = {4},
	journal = {Cell},
	author = {Balaban, Robert S. and Nemoto, Shino and Finkel, Toren},
	month = feb,
	year = {2005},
	pages = {483--495}
}

@article{stevens_mitochondrial_1981,
	title = {Mitochondrial Structure},
	url = {https://cshmonographs.org/index.php/monographs/article/view/4238},
	journal = {Cold Spring Harbor Monograph Archive; Volume 11A (1981): The Molecular Biology of the Yeast {\textless}em{\textgreater}Saccharomyces{\textless}/em{\textgreater}: Life Cycle and Inheritance},
	author = {Stevens, Barbara},
	year = {1981}
}

@article{benard_ultrastructure_2008,
	title = {Ultrastructure of the {Mitochondrion} and {Its} {Bearing} on {Function} and {Bioenergetics}},
	volume = {10},
	issn = {1523-0864, 1557-7716},
	doi = {10.1089/ars.2007.2000},
	number = {8},
	journal = {Antioxidants \& Redox Signaling},
	author = {Benard, Giovanni and Rossignol, Rodrigue},
	month = aug,
	year = {2008},
	pages = {1313--1342}
}

@article{bergman_growth_2001,
	title = {Growth and maintenance of yeast},
	volume = {177},
	issn = {1064-3745},
	doi = {10.1385/1-59259-210-4:009},
	journal = {Methods in Molecular Biology (Clifton, N.J.)},
	author = {Bergman, L. W.},
	year = {2001},
	pmid = {11530618},
	pages = {9--14}
}

@article{bernardi_cytochrome_1981,
	title = {Cytochrome c as an electron shuttle between the outer and inner mitochondrial membranes},
	volume = {256},
	issn = {0021-9258},
	number = {14},
	journal = {The Journal of Biological Chemistry},
	author = {Bernardi, P. and Azzone, G. F.},
	month = jul,
	year = {1981},
	pmid = {6265441},
	pages = {7187--7192}
}

@article{betzig_imaging_2006,
	title = {Imaging {Intracellular} {Fluorescent} {Proteins} at {Nanometer} {Resolution}},
	volume = {313},
	issn = {0036-8075, 1095-9203},
	doi = {10.1126/science.1127344},
	number = {5793},
	journal = {Science},
	author = {Betzig, Eric and Patterson, George H. and Sougrat, Rachid and Lindwasser, O. Wolf and Olenych, Scott and Bonifacino, Juan S. and Davidson, Michael W. and Lippincott-Schwartz, Jennifer and Hess, Harald F.},
	month = sep,
	year = {2006},
	pmid = {16902090},
	pages = {1642--1645}
}

@article{bliek_mechanisms_2013,
	title = {Mechanisms of {Mitochondrial} {Fission} and {Fusion}},
	volume = {5},
	issn = {, 1943-0264},
	doi = {10.1101/cshperspect.a011072},
	number = {6},
	journal = {Cold Spring Harbor Perspectives in Biology},
	author = {Bliek, Alexander M. van der and Shen, Qinfang and Kawajiri, Sumihiro},
	month = jun,
	year = {2013},
	pmid = {23732471},
	pages = {a011072}
}

@article{bornhovd_mitochondrial_2006,
	title = {Mitochondrial Membrane Potential is Dependent on the Oligomeric State of F1F0-ATP Synthase Supracomplexes},
	volume = {281},
	issn = {0021-9258, 1083-351X},
	doi = {10.1074/jbc.M512334200},
	number = {20},
	journal = {Journal of Biological Chemistry},
	author = {Bornhovd, Carsten and Vogel, Frank and Neupert, Walter and Reichert, Andreas S.},
	month = may,
	year = {2006},
	pmid = {16551625},
	pages = {13990--13998}
}

@article{boubekeur_mitochondrial_1999,
	title = {A Mitochondrial Pyruvate Dehydrogenase Bypass in the Yeast Saccharomyces cerevisiae},
	volume = {274},
	issn = {0021-9258, 1083-351X},
	doi = {10.1074/jbc.274.30.21044},
	number = {30},
	journal = {Journal of Biological Chemistry},
	author = {Boubekeur, Samira and Bunoust, Odile and Camougrand, Nadine and Castroviejo, Michel and Rigoulet, Michel and Guerin, Bernard},
	month = jul,
	year = {1999},
	pmid = {10409655},
	pages = {21044--21048}
}

@article{bouillaud_sequence_1994,
	title = {A sequence related to a {DNA} recognition element is essential for the inhibition by nucleotides of proton transport through the mitochondrial uncoupling protein.},
	volume = {13},
	issn = {0261-4189},
	number = {8},
	journal = {The EMBO Journal},
	author = {Bouillaud, F and Arechaga, I and Petit, P X and Raimbault, S and Levi-Meyrueis, C and Casteilla, L and Laurent, M and Rial, E and Ricquier, D},
	month = apr,
	year = {1994},
	pmid = {8168495PMCID: PMC395041},
	pages = {1990--1997}
}

@article{brandes_faster_2001,
	title = {A {Faster} {Algorithm} for {Betweenness} {Centrality}},
	volume = {25},
	journal = {Journal of Mathematical Sociology},
	author = {Brandes, Ulrik},
	year = {2001},
	pages = {163--177}
}

@article{brand_assessing_2011,
	title = {Assessing mitochondrial dysfunction in cells},
	volume = {435},
	issn = {0264-6021},
	doi = {10.1042/BJ20110162},
	number = {Pt 2},
	journal = {Biochemical Journal},
	author = {Brand, Martin D. and Nicholls, David G.},
	month = apr,
	year = {2011},
	pmid = {21726199PMCID: PMC3076726},
	pages = {297--312}
}

@article{busch_quality_2014,
	title = {Quality matters: how does mitochondrial network dynamics and quality control impact on {mtDNA} integrity?},
	volume = {369},
	issn = {0962-8436, 1471-2970},
	doi = {10.1098/rstb.2013.0442},
	number = {1646},
	journal = {Philosophical Transactions of the Royal Society B: Biological Sciences},
	author = {Busch, K. B. and Kowald, A. and Spelbrink, J. N.},
	month = may,
	year = {2014},
	pages = {20130442--20130442}
}

@article{carelli_retinal_2009,
	title = {Retinal ganglion cell neurodegeneration in mitochondrial inherited disorders},
	volume = {1787},
	issn = {0006-3002},
	doi = {10.1016/j.bbabio.2009.02.024},
	number = {5},
	journal = {Biochimica Et Biophysica Acta},
	author = {Carelli, Valerio and La Morgia, Chiara and Valentino, Maria Lucia and Barboni, Piero and Ross-Cisneros, Fred N. and Sadun, Alfredo A.},
	month = may,
	year = {2009},
	pmid = {19268652},
	pages = {518--528}
}

@article{chance_respiratory_1955,
	title = {Respiratory enzymes in oxidative phosphorylation. {I}. {Kinetics} of oxygen utilization},
	volume = {217},
	issn = {0021-9258},
	number = {1},
	journal = {The Journal of Biological Chemistry},
	author = {Chance, B. and Williams, G. R.},
	month = nov,
	year = {1955},
	pmid = {13271402},
	pages = {383--393}
}

@article{chen_disruption_2005,
	title = {Disruption of {Fusion} {Results} in {Mitochondrial} {Heterogeneity} and {Dysfunction}},
	volume = {280},
	issn = {0021-9258, 1083-351X},
	doi = {10.1074/jbc.M503062200},
	number = {28},
	journal = {Journal of Biological Chemistry},
	author = {Chen, Hsiuchen and Chomyn, Anne and Chan, David C.},
	month = jul,
	year = {2005},
	pmid = {15899901},
	pages = {26185--26192}
}

@article{christopher_wills_effect_1984,
	title = {Effect of mutants and inhibitors on mitochondrial transport systems in vivo in yeast},
	volume = {778},
	issn = {0006-3002},
	doi = {10.1016/0005-2736(84)90447-4},
	number = {1},
	journal = {Biochimica et biophysica acta},
	author = {Christopher Wills, Prosper Benhaim},
	year = {1984},
	pages = {57--66}
}

@article{collins_mitochondria_2002,
	title = {Mitochondria are morphologically and functionally heterogeneous within cells},
	volume = {21},
	issn = {0261-4189},
	doi = {10.1093/emboj/21.7.1616},
	number = {7},
	journal = {The EMBO journal},
	author = {Collins, Tony J. and Berridge, Michael J. and Lipp, Peter and Bootman, Martin D.},
	month = apr,
	year = {2002},
	pmid = {11927546PMCID: PMC125942},
	pages = {1616--1627}
}

@article{dejean_growth_2000,
	title = {Growth of the yeast {Saccharomyces} cerevisiae on a non-fermentable substrate: control of energetic yield by the amount of mitochondria},
	volume = {1457},
	issn = {0005-2728},
	doi = {10.1016/S0005-2728(00)00053-0},
	number = {1–2},
	journal = {Biochimica et Biophysica Acta (BBA) - Bioenergetics},
	author = {Dejean, Laurent and Beauvoit, Bertrand and Guerin, Bernard and Rigoulet, Michel},
	month = feb,
	year = {2000},
	pages = {45--56}
}

@article{diaz_homogeneous_2000,
	title = {Homogeneous longitudinal profiles and synchronous fluctuations of mitochondrial transmembrane potential},
	volume = {475},
	issn = {0014-5793},
	doi = {10.1016/S0014-5793(00)01683-5},
	number = {3},
	journal = {FEBS Letters},
	author = {Diaz, Giacomo and Falchi, Angela Maria and Gremo, Fulvia and Isola, Raffaella and Diana, Andrea},
	month = jun,
	year = {2000},
	pages = {218--224}
}

@article{dudek_mitochondrial_2013,
	series = {Protein {Import} and {Quality} {Control} in {Mitochondria} and {Plastids}},
	title = {Mitochondrial protein import: {Common} principles and physiological networks},
	volume = {1833},
	issn = {0167-4889},
	doi = {10.1016/j.bbamcr.2012.05.028},
	number = {2},
	journal = {Biochimica et Biophysica Acta (BBA) - Molecular Cell Research},
	author = {Dudek, Jan and Rehling, Peter and van der Laan, Martin},
	month = feb,
	year = {2013},
	pages = {274--285}
}

@article{egner_fast_2002,
	title = {Fast 100-{Nm} {Resolution} {Three}-{Dimensional} {Microscope} {Reveals} {Structural} {Plasticity} of {Mitochondria} in {Live} {Yeast}},
	volume = {99},
	issn = {0027-8424, 1091-6490},
	doi = {10.1073/pnas.052545099},
	number = {6},
	journal = {Proceedings of the National Academy of Sciences},
	author = {Egner, Alexander and Jakobs, Stefan and Hell, Stefan W},
	month = mar,
	year = {2002},
	pages = {3370--3375}
}

@article{ehses_regulation_2009,
	title = {Regulation of {OPA}1 processing and mitochondrial fusion by m-{AAA} protease isoenzymes and {OMA}1},
	volume = {187},
	issn = {0021-9525},
	doi = {10.1083/jcb.200906084},
	number = {7},
	journal = {The Journal of Cell Biology},
	author = {Ehses, Sarah and Raschke, Ines and Mancuso, Giuseppe and Bernacchia, Andrea and Geimer, Stefan and Tondera, Daniel and Martinou, Jean-Claude and Westermann, Benedikt and Rugarli, Elena I. and Langer, Thomas},
	month = dec,
	year = {2009},
	pmid = {20038678PMCID: PMC2806285},
	pages = {1023--1036}
}

@article{exner_loss-function_2007,
	title = {Loss-of-Function of Human PINK1 Results in Mitochondrial Pathology and Can Be Rescued by Parkin},
	volume = {27},
	issn = {0270-6474, 1529-2401},
	doi = {10.1523/JNEUROSCI.0719-07.2007},
	number = {45},
	journal = {The Journal of Neuroscience},
	author = {Exner, Nicole and Treske, Bettina and Paquet, Dominik and Holmstrom, Kira and Schiesling, Carola and Gispert, Suzana and Carballo-Carbajal, Iria and Berg, Daniela and Hoepken, Hans-Hermann and Gasser, Thomas and al, et},
	month = nov,
	year = {2007},
	pmid = {17989306},
	pages = {12413--12418}
}

@article{fendt_transcriptional_2010,
	title = {Transcriptional regulation of respiration in yeast metabolizing differently repressive carbon substrates},
	volume = {4},
	number = {1},
	journal = {BMC systems biology},
	author = {Fendt, Sarah-Maria and Sauer, Uwe},
	year = {2010},
	pages = {12}
}

@article{frey_insight_2002,
	series = {12th {European} {Bioenergetics} {Conference}},
	title = {Insight into mitochondrial structure and function from electron tomography},
	volume = {1555},
	issn = {0005-2728},
	doi = {10.1016/S0005-2728(02)00278-5},
	number = {1–3},
	journal = {Biochimica et Biophysica Acta (BBA) - Bioenergetics},
	author = {Frey, T. G and Renken, C. W and Perkins, G. A},
	month = sep,
	year = {2002},
	pages = {196--203}
}

@article{gancedo_glycerol_1968,
	title = {Glycerol {Metabolism} in {Yeasts}},
	volume = {5},
	issn = {1432-1033},
	doi = {10.1111/j.1432-1033.1968.tb00353.x},
	number = {2},
	journal = {European Journal of Biochemistry},
	author = {Gancedo, C. and Gancedo, J. M. and Sols, A.},
	month = jul,
	year = {1968},
	pages = {165--172}
}

@article{gancedo_yeast_1998,
	title = {Yeast {Carbon} {Catabolite} {Repression}},
	volume = {62},
	issn = {1092-2172},
	number = {2},
	journal = {Microbiology and Molecular Biology Reviews},
	author = {Gancedo, Juana M.},
	month = jun,
	year = {1998},
	pmid = {9618445PMCID: PMC98918},
	pages = {334--361}
}

@article{gerencser_quantitative_2009,
	title = {Quantitative microplate-based respirometry with correction for oxygen diffusion},
	volume = {81},
	issn = {1520-6882},
	doi = {10.1021/ac900881z},
	number = {16},
	journal = {Analytical Chemistry},
	author = {Gerencser, Akos A. and Neilson, Andy and Choi, Sung W. and Edman, Ursula and Yadava, Nagendra and Oh, Richard J. and Ferrick, David A. and Nicholls, David G. and Brand, Martin D.},
	month = aug,
	year = {2009},
	pmid = {19555051PMCID: PMC2727168},
	pages = {6868--6878}
}

@article{gerstenberger_heterogeneity_2012,
	title = {Heterogeneity in {Mitochondrial} {Morphology} and {Membrane} {Potential} {Is} {Independent} of the {Nuclear} {Division} {Cycle} in {Multinucleate} {Fungal} {Cells}},
	volume = {11},
	issn = {1535-9778, 1535-9786},
	doi = {10.1128/EC.05257-11},
	number = {3},
	journal = {Eukaryotic Cell},
	author = {Gerstenberger, John P. and Occhipinti, Patricia and Gladfelter, Amy S.},
	month = mar,
	year = {2012},
	pmid = {22267774},
	pages = {353--367}
}

@article{gnaiger_mitochondrial_2002,
	title = {Mitochondrial respiration at low levels of oxygen and cytochrome c},
	volume = {30},
	issn = {0300-5127},
	doi = {10.1042/},
	number = {2},
	journal = {Biochemical Society Transactions},
	author = {Gnaiger, Erich and Kuznetsov, A. V.},
	month = apr,
	year = {2002},
	pmid = {12023860},
	pages = {252--258}
}

@article{gray_mitochondrial_1999,
	title = {Mitochondrial evolution},
	volume = {283},
	issn = {0036-8075},
	number = {5407},
	journal = {Science (New York, N.Y.)},
	author = {Gray, M. W. and Burger, G. and Lang, B. F.},
	month = mar,
	year = {1999},
	pmid = {10066161},
	pages = {1476--1481}
}

@article{guaragnella_yeast_2013,
	title = {Yeast growth in raffinose results in resistance to acetic-acid induced programmed cell death mostly due to the activation of the mitochondrial retrograde pathway},
	volume = {1833},
	issn = {0167-4889},
	doi = {10.1016/j.bbamcr.2013.07.017},
	number = {12},
	journal = {Biochimica et Biophysica Acta (BBA) - Molecular Cell Research},
	author = {Guaragnella, Nicoletta and Ždralević, Maša and Lattanzio, Paolo and Marzulli, Domenico and Pracheil, Tammy and Liu, Zhengchang and Passarella, Salvatore and Marra, Ersilia and Giannattasio, Sergio},
	month = dec,
	year = {2013},
	pages = {2765--2774}
}

@article{hackenbrock_ultrastructural_1968,
	title = {{ULTRASTRUCTURAL} {BASES} {FOR} {METABOLICALLY} {LINKED} {MECHANICAL} {ACTIVITY} {IN} {MITOCHONDRIA}},
	volume = {37},
	issn = {0021-9525},
	number = {2},
	journal = {The Journal of Cell Biology},
	author = {Hackenbrock, Charles R.},
	month = may,
	year = {1968},
	pmid = {5656397PMCID: PMC2107416},
	pages = {345--369}
}

@article{hafner_effect_1991,
	title = {Effect of protonmotive force on the relative proton stoichiometries of the mitochondrial proton pumps.},
	volume = {275},
	issn = {0264-6021},
	number = {Pt 1},
	journal = {Biochemical Journal},
	author = {Hafner, R P and Brand, M D},
	month = apr,
	year = {1991},
	pmid = {1708235PMCID: PMC1150015},
	pages = {75--80}
}

@article{harman_aging:_1956,
	title = {Aging: a theory based on free radical and radiation chemistry},
	volume = {11},
	issn = {0022-1422},
	number = {3},
	journal = {Journal of Gerontology},
	author = {Harman, D.},
	month = jul,
	year = {1956},
	pmid = {13332224},
	pages = {298--300}
}

@article{higuchi_actin_????,
	title = {Actin {Dynamics} {Affect} {Mitochondrial} {Quality} {Control} and {Aging} in {Budding} {Yeast}},
	issn = {0960-9822},
	url = {http://www.cell.com/current-biology/abstract/S0960-9822(13)01263-3},
	doi = {10.1016/j.cub.2013.10.022},
	journal = {Current Biology},
	author = {Higuchi, Ryo and Vevea, Jason D. and Swayne, Theresa C. and Chojnowski, Robert and Hill, Vanessa and Boldogh, Istvan R. and Pon, Liza A.}
}

@article{hoffmann_mitochondrion_1973,
	title = {Mitochondrion of yeast: ultrastructural evidence for one giant, branched organelle per cell},
	volume = {181},
	issn = {0036-8075},
	number = {4101},
	journal = {Science (New York, N.Y.)},
	author = {Hoffmann, H. P. and Avers, C. J.},
	month = aug,
	year = {1973},
	pmid = {4579683},
	pages = {749--751}
}

@article{hoitzing_what_2015,
	title = {What is the function of mitochondrial networks? {A} theoretical assessment of hypotheses and proposal for future research},
	volume = {37},
	issn = {1521-1878},
	doi = {10.1002/bies.201400188},
	number = {6},
	journal = {BioEssays},
	author = {Hoitzing, Hanne and Johnston, Iain G. and Jones, Nick S.},
	month = jun,
	year = {2015},
	pages = {687--700}
}

@article{holm_simple_1979,
	title = {A {Simple} {Sequentially} {Rejective} {Multiple} {Test} {Procedure}},
	volume = {6},
	issn = {0303-6898},
	number = {2},
	journal = {Scandinavian Journal of Statistics},
	author = {Holm, Sture},
	month = jan,
	year = {1979},
	pages = {65--70}
}

@article{huang_role_2004,
	title = {The role of oxidative damage in mitochondria during aging: a review},
	volume = {9},
	issn = {1093-9946},
	journal = {Frontiers in Bioscience: A Journal and Virtual Library},
	author = {Huang, Hai and Manton, Kenneth G.},
	month = may,
	year = {2004},
	pmid = {14977532},
	pages = {1100--1117}
}

@article{hughes_early_2012,
	title = {An early age increase in vacuolar {pH} limits mitochondrial function and lifespan in yeast},
	volume = {492},
	issn = {0028-0836},
	doi = {10.1038/nature11654},
	number = {7428},
	journal = {Nature},
	author = {Hughes, Adam L. and Gottschling, Daniel E.},
	month = dec,
	year = {2012},
	pages = {261--265}
}

@article{ishihara_regulation_2006,
	title = {Regulation of mitochondrial morphology through proteolytic cleavage of {OPA}1},
	volume = {25},
	issn = {ERROR! NO ISSN},
	doi = {10.1038/sj.emboj.7601184},
	number = {13},
	journal = {The EMBO Journal},
	author = {Ishihara, Naotada and Fujita, Yuu and Oka, Toshihiko and Mihara, Katsuyoshi},
	month = jun,
	year = {2006},
	pages = {2966--2977}
}

@article{itoh_mmr1p_2004,
	title = {Mmr1p is a mitochondrial factor for {Myo}2p-dependent inheritance of mitochondria in the budding yeast},
	volume = {23},
	issn = {0261-4189},
	doi = {10.1038/sj.emboj.7600271},
	number = {13},
	journal = {The EMBO journal},
	author = {Itoh, Takashi and Toh-E, Akio and Matsui, Yasushi},
	month = jul,
	year = {2004},
	pmid = {15201867PMCID: PMC449781},
	pages = {2520--2530}
}

@article{itoh_complex_2002,
	title = {Complex formation with {Ypt}11p, a rab-type small {GTPase}, is essential to facilitate the function of {Myo}2p, a class {V} myosin, in mitochondrial distribution in {Saccharomyces} cerevisiae},
	volume = {22},
	issn = {0270-7306},
	number = {22},
	journal = {Molecular and Cellular Biology},
	author = {Itoh, Takashi and Watabe, Akiko and Toh-E, Akio and Matsui, Yasushi},
	month = nov,
	year = {2002},
	pmid = {12391144PMCID: PMC134717},
	pages = {7744--7757}
}

@article{jakobs_spatial_2003,
	title = {Spatial and {Temporal} {Dynamics} of {Budding} {Yeast} {Mitochondria} {Lacking} the {Division} {Component} {Fis}1p},
	volume = {116},
	issn = {0021-9533, 1477-9137},
	doi = {10.1242/jcs.00423},
	number = {10},
	journal = {Journal of Cell Science},
	author = {Jakobs, Stefan and Martini, Nadia and Schauss, Astrid C and Egner, Alexander and Westermann, Benedikt and Hell, Stefan W},
	month = may,
	year = {2003},
	pages = {2005--2014}
}

@article{jazwinski_genetics_1993,
	title = {The genetics of aging in the yeast {Saccharomyces} cerevisiae},
	volume = {91},
	issn = {0016-6707},
	number = {1-3},
	journal = {Genetica},
	author = {Jazwinski, S. M.},
	year = {1993},
	pmid = {8125278},
	pages = {35--51}
}

@article{jendrach_short_2008,
	title = {Short and long-term alterations of mitochondrial morphology, dynamics and mtDNA after transient oxidative stress},
	volume = {8},
	issn = {1567-7249},
	doi = {10.1016/j.mito.2008.06.001},
	number = {4},
	journal = {Mitochondrion},
	author = {Jendrach, Marina and Mai, Soren and Pohl, Sandra and Voth, Monika and Bereiter-Hahn, Jurgen},
	month = sep,
	year = {2008},
	pages = {293--304}
}

@article{jimenez_mitochondrial_2014,
	title = {Mitochondrial {ATP} synthases cluster as discrete domains that reorganize with the cellular demand for oxidative phosphorylation},
	volume = {127},
	issn = {0021-9533, 1477-9137},
	doi = {10.1242/jcs.137141},
	number = {4},
	journal = {Journal of Cell Science},
	author = {Jimenez, Laure and Laporte, Damien and Duvezin-Caubet, Stephane and Courtout, Fabien and Sagot, Isabelle},
	month = feb,
	year = {2014},
	pmid = {24338369},
	pages = {719--726}
}

@article{john_r._pringle_chapter_1989,
	title = {Chapter 19 {Fluorescence} {Microscopy} {Methods} for {Yeast}},
	volume = {31},
	issn = {0091-679X},
	doi = {10.1016/S0091-679X(08)61620-9},
	journal = {Methods in cell biology},
	author = {John R. Pringle, Robert A. Preston},
	year = {1989},
	pages = {357--435}
}

@book{kane_spacecraft_1983,
	title = {Spacecraft dynamics},
	isbn = {978-0-07-037843-8},
	publisher = {McGraw-Hill Book Co.},
	author = {Kane, Thomas R. and Likins, Peter W. and Levinson, David A.},
	year = {1983}
}

@article{kanki_mitophagy_2008,
	title = {Mitophagy in {Yeast} {Occurs} through a {Selective} {Mechanism}},
	volume = {283},
	issn = {0021-9258, 1083-351X},
	doi = {10.1074/jbc.M802403200},
	number = {47},
	journal = {Journal of Biological Chemistry},
	author = {Kanki, Tomotake and Klionsky, Daniel J.},
	month = nov,
	year = {2008},
	pmid = {18818209},
	pages = {32386--32393}
}

@article{kanki_atg32_2009,
	title = {Atg32 is a mitochondrial protein that confers selectivity during mitophagy},
	volume = {17},
	issn = {1534-5807},
	doi = {10.1016/j.devcel.2009.06.014},
	number = {1},
	journal = {Developmental cell},
	author = {Kanki, Tomotake and Wang, Ke and Cao, Yang and Baba, Misuzu and Klionsky, Daniel J.},
	month = jul,
	year = {2009},
	pmid = {19619495PMCID: PMC2746076},
	pages = {98--109}
}

@article{klinger_quantitation_2010,
	title = {Quantitation of (a)symmetric inheritance of functional and of oxidatively damaged mitochondrial aconitase in the cell division of old yeast mother cells},
	volume = {45},
	issn = {0531-5565},
	doi = {10.1016/j.exger.2010.03.016},
	number = {7–8},
	journal = {Experimental Gerontology},
	author = {Klinger, Harald and Rinnerthaler, Mark and Lam, Yuen T. and Laun, Peter and Heeren, Gino and Klocker, Andrea and Simon-Nobbe, Birgit and Dickinson, J. Richard and Dawes, Ian W. and Breitenbach, Michael},
	month = aug,
	year = {2010},
	pages = {533--542}
}

@article{kner_super-resolution_2009,
	title = {Super-resolution video microscopy of live cells by structured illumination},
	volume = {6},
	issn = {1548-7091},
	doi = {10.1038/nmeth.1324},
	number = {5},
	journal = {Nature Methods},
	author = {Kner, Peter and Chhun, Bryant B. and Griffis, Eric R. and Winoto, Lukman and Gustafsson, Mats G. L.},
	month = may,
	year = {2009},
	pages = {339--342}
}

@article{kokoszka_increased_2001,
	title = {Increased mitochondrial oxidative stress in the {Sod}2 (+/-) mouse results in the age-related decline of mitochondrial function culminating in increased apoptosis},
	volume = {98},
	issn = {0027-8424},
	doi = {10.1073/pnas.051627098},
	number = {5},
	journal = {Proceedings of the National Academy of Sciences of the United States of America},
	author = {Kokoszka, J. E. and Coskun, P. and Esposito, L. A. and Wallace, D. C.},
	month = feb,
	year = {2001},
	pmid = {11226230PMCID: PMC30129},
	pages = {2278--2283}
}

@article{koning_dioc6_1993,
	title = {{DiOC}6 staining reveals organelle structure and dynamics in living yeast cells},
	volume = {25},
	issn = {0886-1544},
	doi = {10.1002/cm.970250202},
	number = {2},
	journal = {Cell Motility and the Cytoskeleton},
	author = {Koning, A. J. and Lum, P. Y. and Williams, J. M. and Wright, R.},
	year = {1993},
	pmid = {7686821},
	pages = {111--128}
}

@article{koopman_simultaneous_2006,
	title = {Simultaneous quantitative measurement and automated analysis of mitochondrial morphology, mass, potential, and motility in living human skin fibroblasts},
	volume = {69A},
	issn = {1552-4930},
	doi = {10.1002/cyto.a.20198},
	number = {1},
	journal = {Cytometry Part A},
	author = {Koopman, Werner J. H. and Visch, Henk-Jan and Smeitink, Jan A. M. and Willems, Peter H. G. M.},
	year = {2006},
	pages = {1--12}
}

@article{kralj_optical_2012,
	title = {Optical recording of action potentials in mammalian neurons using a microbial rhodopsin},
	volume = {9},
	issn = {1548-7091},
	doi = {10.1038/nmeth.1782},
	number = {1},
	journal = {Nature Methods},
	author = {Kralj, Joel M and Douglass, Adam D and Hochbaum, Daniel R and Maclaurin, Dougal and Cohen, Adam E},
	year = {2012},
	pages = {90--95}
}

@article{kuznetsov_heterogeneity_2009,
	title = {Heterogeneity of {Mitochondria} and {Mitochondrial} {Function} within {Cells} as {Another} {Level} of {Mitochondrial} {Complexity}},
	volume = {10},
	issn = {1422-0067},
	doi = {10.3390/ijms10041911},
	number = {4},
	journal = {International Journal of Molecular Sciences},
	author = {Kuznetsov, Andrey V and Margreiter, Raimund},
	month = apr,
	year = {2009},
	pmid = {19468346PMCID: PMC2680654},
	pages = {1911--1929}
}

@article{lai_mutation_2002,
	title = {A mutation in the {ATP}2 gene abrogates the age asymmetry between mother and daughter cells of the yeast {Saccharomyces} cerevisiae.},
	volume = {162},
	issn = {0016-6731},
	number = {1},
	journal = {Genetics},
	author = {Lai, Chi-Yung and Jaruga, Ewa and Borghouts, Corina and Jazwinski, S Michal},
	month = sep,
	year = {2002},
	pmid = {12242224PMCID: PMC1462265},
	pages = {73--87}
}

@article{larsson_importance_1998,
	title = {The importance of the glycerol 3-phosphate shuttle during aerobic growth of {Saccharomyces} cerevisiae},
	volume = {14},
	issn = {1097-0061},
	doi = {10.1002/(SICI)1097-0061(19980315)14:4<347::AID-YEA226>3.0.CO;2-9},
	number = {4},
	journal = {Yeast},
	author = {Larsson, Christer and Pahlman, Inga-Lill and Ansell, Ricky and Rigoulet, Michel and Adler, Lennart and Gustafsson, Lena},
	month = mar,
	year = {1998},
	pages = {347--357}
}

@article{laun_aged_2001,
	title = {Aged mother cells of Saccharomyces cerevisiae show markers of oxidative stress and apoptosis},
	volume = {39},
	issn = {1365-2958},
	doi = {10.1111/j.1365-2958.2001.02317.x},
	number = {5},
	journal = {Molecular Microbiology},
	author = {Laun, Peter and Pichova, Alena and Madeo, Frank and Fuchs, Jorg and Ellinger, Adolf and Kohlwein, Sepp and Dawes, Ian and Frohlich, Kai-Uwe and Breitenbach, Michael},
	month = mar,
	year = {2001},
	pages = {1166--1173}
}

@article{lee_improved_2013,
	title = {Improved {Blue}, {Green}, and {Red} {Fluorescent} {Protein} {Tagging} {Vectors} for S. cerevisiae},
	volume = {8},
	doi = {10.1371/journal.pone.0067902},
	number = {7},
	journal = {PLoS ONE},
	author = {Lee, Sidae and Lim, Wendell A. and Thorn, Kurt S.},
	month = jul,
	year = {2013},
	pages = {e67902}
}

@article{legros_mitochondrial_2002,
	title = {Mitochondrial fusion in human cells is efficient, requires the inner membrane potential, and is mediated by mitofusins},
	volume = {13},
	issn = {1059-1524},
	doi = {10.1091/mbc.E02-06-0330},
	number = {12},
	journal = {Molecular Biology of the Cell},
	author = {Legros, Frederic and Lombès, Anne and Frachon, Paule and Rojo, Manuel},
	month = dec,
	year = {2002},
	pmid = {12475957PMCID: PMC138638},
	pages = {4343--4354}
}

@article{lin_calorie_2002,
	title = {Calorie restriction extends {Saccharomyces} cerevisiae lifespan by increasing respiration},
	volume = {418},
	issn = {0028-0836},
	doi = {10.1038/nature00829},
	number = {6895},
	journal = {Nature},
	author = {Lin, Su-Ju and Kaeberlein, Matt and Andalis, Alex A. and Sturtz, Lori A. and Defossez, Pierre-Antoine and Culotta, Valeria C. and Fink, Gerald R. and Guarente, Leonard},
	month = jul,
	year = {2002},
	pages = {344--348}
}

@incollection{li_measurement_2012,
	series = {Methods in {Molecular} {Biology}},
	title = {Measurement of {Mitochondrial} {Oxygen} {Consumption} {Using} a {Clark} {Electrode}},
	isbn = {978-1-61779-503-9},
	url = {http://link.springer.com/protocol/10.1007/978-1-61779-504-6_5},
	booktitle = {Mitochondrial {Disorders}},
	publisher = {Humana Press},
	author = {Li, Zhihong and Graham, Brett H.},
	editor = {Wong, Lee-Jun C.Editor},
	month = jan,
	year = {2012},
	pages = {63--72}
}

@article{longo_replicative_2012,
	title = {Replicative and {Chronological} {Aging} in {Saccharomyces} cerevisiae},
	volume = {16},
	issn = {1550-4131},
	doi = {10.1016/j.cmet.2012.06.002},
	number = {1},
	journal = {Cell Metabolism},
	author = {Longo, Valter D. and Shadel, Gerald S. and Kaeberlein, Matt and Kennedy, Brian},
	month = jul,
	year = {2012},
	pages = {18--31}
}

@article{luttik_saccharomyces_1998,
	title = {The {Saccharomyces} cerevisiae {NDE}1 {andNDE}2 {Genes} {Encode} {Separate} {Mitochondrial} {NADH} {Dehydrogenases} {Catalyzing} the {Oxidation} of {Cytosolic} {NADH}},
	volume = {273},
	issn = {0021-9258, 1083-351X},
	doi = {10.1074/jbc.273.38.24529},
	number = {38},
	journal = {Journal of Biological Chemistry},
	author = {Luttik, Marijke A. H. and Overkamp, Karin M. and Kotter, Peter and Vries, Simon de and Dijken, Johannes P. van and Pronk, Jack T.},
	month = sep,
	year = {1998},
	pages = {24529--24534}
}

@article{madden_cell_1998,
	title = {Cell polarity and morphogenesis in budding yeast},
	volume = {52},
	issn = {0066-4227},
	doi = {10.1146/annurev.micro.52.1.687},
	journal = {Annual Review of Microbiology},
	author = {Madden, K. and Snyder, M.},
	year = {1998},
	pmid = {9891811},
	pages = {687--744}
}

@article{mannella_structure_2006,
	series = {Mitochondrial {Dynamics} in {Cell} {Life} and {Death}},
	title = {Structure and dynamics of the mitochondrial inner membrane cristae},
	volume = {1763},
	issn = {0167-4889},
	doi = {10.1016/j.bbamcr.2006.04.006},
	number = {5–6},
	journal = {Biochimica et Biophysica Acta (BBA) - Molecular Cell Research},
	author = {Mannella, Carmen A.},
	month = may,
	year = {2006},
	pages = {542--548}
}

@article{mannella_topology_2001,
	title = {Topology of the {Mitochondrial} {Inner} {Membrane}: {Dynamics} and {Bioenergetic} {Implications}},
	volume = {52},
	issn = {1521-6551},
	doi = {10.1080/15216540152845885},
	number = {3-5},
	journal = {IUBMB Life},
	author = {Mannella, Carmen A. and Pfeiffer, Douglas R. and Bradshaw, Patrick C. and Moraru, Ion I. and Slepchenko, Boris and Loew, Leslie M. and Hsieh, Chyong-ere and Buttle, Karolyn and Marko, Michael},
	month = sep,
	year = {2001},
	pages = {93--100}
}

@article{mcfaline-figueroa_mitochondrial_2011,
	title = {Mitochondrial quality control during inheritance is associated with lifespan and mother–daughter age asymmetry in budding yeast},
	volume = {10},
	issn = {1474-9726},
	doi = {10.1111/j.1474-9726.2011.00731.x},
	number = {5},
	journal = {Aging Cell},
	author = {McFaline-Figueroa, Jose Ricardo and Vevea, Jason and Swayne, Theresa C. and Zhou, Chun and Liu, Christopher and Leung, Galen and Boldogh, Istvan R. and Pon, Liza A.},
	year = {2011},
	pages = {885--895}
}

@article{meeusen_mitochondrial_2004,
	title = {Mitochondrial fusion intermediates revealed in vitro},
	volume = {305},
	number = {5691},
	journal = {Science},
	author = {Meeusen, S. and McCaffery, J. M and Nunnari, J.},
	year = {2004},
	pages = {1747--1752}
}

@article{meyenburg_energetics_1969,
	title = {Energetics of the budding cycle of {Saccharomyces} cerevisiae during glucose limited aerobic growth},
	volume = {66},
	issn = {0003-9276, 1432-072X},
	doi = {10.1007/BF00414585},
	number = {4},
	journal = {Archiv für Mikrobiologie},
	author = {Meyenburg, H. Kaspar von},
	month = dec,
	year = {1969},
	pages = {289--303}
}

@article{mishra_mitochondrial_2014,
	title = {Mitochondrial dynamics and inheritance during cell division, development and disease},
	volume = {15},
	issn = {1471-0072},
	doi = {10.1038/nrm3877},
	number = {10},
	journal = {Nature reviews. Molecular cell biology},
	author = {Mishra, Prashant and Chan, David C.},
	month = oct,
	year = {2014},
	pmid = {25237825PMCID: PMC4250044},
	pages = {634--646}
}

@article{mitchell_coupling_1961,
	title = {Coupling of {Phosphorylation} to {Electron} and {Hydrogen} {Transfer} by a {Chemi}-{Osmotic} type of {Mechanism}},
	volume = {191},
	doi = {10.1038/191144a0},
	number = {4784},
	journal = {Nature},
	author = {Mitchell, Peter},
	month = jul,
	year = {1961},
	pages = {144--148}
}

@article{newman_genetically_2011,
	title = {Genetically {Encodable} {Fluorescent} {Biosensors} for {Tracking} {Signaling} {Dynamics} in {Living} {Cells}},
	volume = {111},
	issn = {0009-2665, 1520-6890},
	doi = {10.1021/cr100002u},
	number = {5},
	journal = {Chemical Reviews},
	author = {Newman, Robert H. and Fosbrink, Matthew D. and Zhang, Jin},
	month = may,
	year = {2011},
	pages = {3614--3666}
}

@article{nunnari_mitochondrial_1997,
	title = {Mitochondrial transmission during mating in {Saccharomyces} cerevisiae is determined by mitochondrial fusion and fission and the intramitochondrial segregation of mitochondrial {DNA}.},
	volume = {8},
	issn = {1059-1524},
	number = {7},
	journal = {Molecular Biology of the Cell},
	author = {Nunnari, J and Marshall, W F and Straight, A and Murray, A and Sedat, J W and Walter, P},
	month = jul,
	year = {1997},
	pmid = {9243504PMCID: PMC276149},
	pages = {1233--1242}
}

@article{nunnari_mitochondria:_2012,
	title = {Mitochondria: {In} {Sickness} and in {Health}},
	volume = {148},
	issn = {0092-8674},
	doi = {10.1016/j.cell.2012.02.035},
	number = {6},
	journal = {Cell},
	author = {Nunnari, Jodi and Suomalainen, Anu},
	month = mar,
	year = {2012},
	pages = {1145--1159}
}

@article{ohnishi_preparation_1966,
	title = {Preparation and {Some} {Properties} of {Yeast} {Mitochondria}},
	volume = {241},
	issn = {0021-9258, 1083-351X},
	number = {8},
	journal = {Journal of Biological Chemistry},
	author = {Ohnishi, Tomoko and Kawaguchi, Kumiko and Hagihara, Bunji},
	month = apr,
	year = {1966},
	pmid = {4287711},
	pages = {1797--1806}
}

@article{osman_making_2011,
	title = {Making heads or tails of phospholipids in mitochondria},
	volume = {192},
	issn = {0021-9525, 1540-8140},
	doi = {10.1083/jcb.201006159},
	number = {1},
	journal = {The Journal of Cell Biology},
	author = {Osman, Christof and Voelker, Dennis R. and Langer, Thomas},
	month = jan,
	year = {2011},
	pmid = {21220505},
	pages = {7--16}
}

@article{ouhabi_flux-yield_1989,
	title = {Flux-yield dependence of oxidative phosphorylation at constant Δμ{H}+},
	volume = {254},
	issn = {0014-5793},
	doi = {10.1016/0014-5793(89)81038-5},
	number = {1–2},
	journal = {FEBS Letters},
	author = {Ouhabi, Rachid and Rigoulet, Michel and Guerin, Bernard},
	month = aug,
	year = {1989},
	pages = {199--202}
}

@article{pajot_utilization_1974,
	title = {Utilization by {Yeast} of d-{Lactate} and l-{Lactate} as {Sources} of {Energy} in the {Presence} of {Antimycin} {A}},
	volume = {49},
	issn = {1432-1033},
	doi = {10.1111/j.1432-1033.1974.tb03832.x},
	number = {1},
	journal = {European Journal of Biochemistry},
	author = {Pajot, Patrick and Claisse, Maurice L.},
	month = nov,
	year = {1974},
	pages = {275--285}
}

@article{patten_opa1-dependent_2014,
	title = {{OPA}1-dependent cristae modulation is essential for cellular adaptation to metabolic demand},
	volume = {33},
	issn = {1460-2075},
	doi = {10.15252/embj.201488349},
	number = {22},
	journal = {The EMBO journal},
	author = {Patten, David A. and Wong, Jacob and Khacho, Mireille and Soubannier, Vincent and Mailloux, Ryan J. and Pilon-Larose, Karine and MacLaurin, Jason G. and Park, David S. and McBride, Heidi M. and Trinkle-Mulcahy, Laura and al, et},
	month = nov,
	year = {2014},
	pmid = {25298396PMCID: PMC4282575},
	pages = {2676--2691}
}

@article{paulo_proteome-wide_2015,
	title = {Proteome-wide quantitative multiplexed profiling of protein expression: {Carbon} source dependency in {S}. cerevisiae},
	issn = {1059-1524, 1939-4586},
	doi = {10.1091/mbc.E15-07-0499},
	journal = {Molecular Biology of the Cell},
	author = {Paulo, Joao A. and O’Connell, Jeremy D. and Gaun, Aleksandr and Gygi, Steven P.},
	month = sep,
	year = {2015},
	pmid = {26399295},
	pages = {mbc.E15--07--0499}
}

@article{pena_use_1984,
	title = {The use of a cyanine dye in measuring membrane potential in yeast},
	volume = {231},
	issn = {0003-9861},
	number = {1},
	journal = {Archives of Biochemistry and Biophysics},
	author = {Pena, A. and Uribe, S. and Pardo, J. P. and Borbolla, M.},
	month = may,
	year = {1984},
	pmid = {6372694},
	pages = {217--225}
}

@article{petit_discrimination_1996,
	title = {Discrimination of respiratory dysfunction in yeast mutants by confocal microscopy, image, and flow cytometry},
	volume = {23},
	issn = {1097-0320},
	doi = {10.1002/(SICI)1097-0320(19960101)23:1<28::AID-CYTO5>3.0.CO;2-I},
	number = {1},
	journal = {Cytometry},
	author = {Petit, P. X. and Glab, N. and Marie, D. and Kieffer, H. and Metezeau, P.},
	month = jan,
	year = {1996},
	pages = {28--38}
}

@article{rafelski_mitochondrial_2012,
	title = {Mitochondrial {Network} {Size} {Scaling} in {Budding} {Yeast}},
	volume = {338},
	issn = {0036-8075, 1095-9203},
	doi = {10.1126/science.1225720},
	number = {6108},
	journal = {Science},
	author = {Rafelski, Susanne M. and Viana, Matheus P. and Zhang, Yi and Chan, Yee-Hung M. and Thorn, Kurt S. and Yam, Phoebe and Fung, Jennifer C. and Li, Hao and Costa, Luciano da F. and Marshall, Wallace F.},
	month = nov,
	year = {2012},
	pmid = {23139336},
	pages = {822--824}
}

@article{rambold_tubular_2011,
	title = {Tubular network formation protects mitochondria from autophagosomal degradation during nutrient starvation},
	volume = {108},
	issn = {1091-6490},
	doi = {10.1073/pnas.1107402108},
	number = {25},
	journal = {Proceedings of the National Academy of Sciences of the United States of America},
	author = {Rambold, Angelika S. and Kostelecky, Brenda and Elia, Natalie and Lippincott-Schwartz, Jennifer},
	month = jun,
	year = {2011},
	pmid = {21646527PMCID: PMC3121813},
	pages = {10190--10195}
}

@article{remmen_life-long_2003,
	title = {Life-long reduction in {MnSOD} activity results in increased {DNA} damage and higher incidence of cancer but does not accelerate aging},
	volume = {16},
	issn = {1094-8341, 1531-2267},
	doi = {10.1152/physiolgenomics.00122.2003},
	number = {1},
	journal = {Physiological Genomics},
	author = {Remmen, Holly Van and Ikeno, Yuji and Hamilton, Michelle and Pahlavani, Mohammad and Wolf, Norman and Thorpe, Suzanne R. and Alderson, Nathan L. and Baynes, John W. and Epstein, Charles J. and Huang, Ting-Ting and al, et},
	month = jan,
	year = {2003},
	pmid = {14679299},
	pages = {29--37}
}

@article{rossignol_energy_2004,
	title = {Energy {Substrate} {Modulates} {Mitochondrial} {Structure} and {Oxidative} {Capacity} in {Cancer} {Cells}},
	volume = {64},
	issn = {0008-5472, 1538-7445},
	doi = {10.1158/0008-5472.CAN-03-1101},
	number = {3},
	journal = {Cancer Research},
	author = {Rossignol, Rodrigue and Gilkerson, Robert and Aggeler, Robert and Yamagata, Kunihiro and Remington, S. James and Capaldi, Roderick A.},
	month = feb,
	year = {2004},
	pages = {985--993}
}

@article{rust_sub-diffraction-limit_2006,
	title = {Sub-diffraction-limit imaging by stochastic optical reconstruction microscopy (STORM)},
	volume = {3},
	issn = {1548-7091},
	doi = {10.1038/nmeth929},
	number = {10},
	journal = {Nature Methods},
	author = {Rust, Michael J. and Bates, Mark and Zhuang, Xiaowei},
	month = oct,
	year = {2006},
	pages = {793--796}
}

@article{sauvanet_energetic_2010,
	series = {Mitochondrial {Morphology}: {Shaping} the {Cell} {Function} {Developmental} {Glycobiology}},
	title = {Energetic requirements and bioenergetic modulation of mitochondrial morphology and dynamics},
	volume = {21},
	issn = {1084-9521},
	doi = {10.1016/j.semcdb.2009.12.006},
	number = {6},
	journal = {Seminars in Cell \& Developmental Biology},
	author = {Sauvanet, Cecile and Duvezin-Caubet, Stephane and di Rago, Jean-Paul and Rojo, Manuel},
	month = aug,
	year = {2010},
	pages = {558--565}
}

@article{schmidt_mitochondrial_2010,
	title = {Mitochondrial protein import: from proteomics to functional mechanisms},
	volume = {11},
	issn = {1471-0072},
	doi = {10.1038/nrm2959},
	number = {9},
	journal = {Nature Reviews Molecular Cell Biology},
	author = {Schmidt, Oliver and Pfanner, Nikolaus and Meisinger, Chris},
	month = sep,
	year = {2010},
	pages = {655--667}
}

@incollection{schowengerdt_chapter_2007,
	title = {Chapter 6 - {Spatial} transforms},
	isbn = {978-0-12-369407-2},
	url = {http://www.sciencedirect.com/science/article/pii/B9780123694072500097},
	booktitle = {Remote {Sensing} ({Third} edition)},
	publisher = {Academic Press},
	author = {Schowengerdt, Robert A.},
	editor = {Schowengerdt, Robert A.Editor},
	year = {2007},
	pages = {229--283}
}

@article{seaman_new_1991,
	title = {New developments in pairwise multiple comparisons: {Some} powerful and practicable procedures},
	volume = {110},
	issn = {1939-1455(Electronic);0033-2909(Print)},
	doi = {10.1037/0033-2909.110.3.577},
	number = {3},
	journal = {Psychological Bulletin},
	author = {Seaman, Michael A. and Levin, Joel R. and Serlin, Ronald C.},
	year = {1991},
	pages = {577--586}
}

@article{sesaki_division_1999,
	title = {Division versus fusion: {Dnm}1p and {Fzo}1p antagonistically regulate mitochondrial shape},
	volume = {147},
	issn = {0021-9525},
	number = {4},
	journal = {The Journal of Cell Biology},
	author = {Sesaki, H and Jensen, R E},
	month = nov,
	year = {1999},
	pmid = {10562274},
	pages = {699--706}
}

@article{sharma_neuroprotective_2003,
	title = {Neuroprotective actions of {Selegiline} in inhibiting 1-methyl, 4-phenyl, pyridinium ion ({MPP}+)-induced apoptosis in {SK}-{N}-{SH} neurons},
	volume = {32},
	issn = {0300-4864, 1573-7381},
	doi = {10.1023/B:NEUR.0000011327.23739.1b},
	number = {4},
	journal = {Journal of Neurocytology},
	author = {Sharma, Sushil K. and Carlson, Edward C. and Ebadi, Manuchair},
	month = may,
	year = {2003},
	pages = {329--343}
}

@article{shaw_mitochondrial_2002,
	title = {Mitochondrial dynamics and division in budding yeast},
	volume = {12},
	issn = {0962-8924},
	number = {4},
	journal = {Trends in cell biology},
	author = {Shaw, Janet M. and Nunnari, Jodi},
	month = apr,
	year = {2002},
	pmid = {11978537PMCID: PMC3785940},
	pages = {178--184}
}

@article{smiley_intracellular_1991,
	title = {Intracellular heterogeneity in mitochondrial membrane potentials revealed by a {J}-aggregate-forming lipophilic cation {JC}-1.},
	volume = {88},
	issn = {0027-8424},
	number = {9},
	journal = {Proceedings of the National Academy of Sciences of the United States of America},
	author = {Smiley, S T and Reers, M and Mottola-Hartshorn, C and Lin, M and Chen, A and Smith, T W and Steele, G D and Chen, L B},
	month = may,
	year = {1991},
	pmid = {2023917PMCID: PMC51514},
	pages = {3671--3675}
}

@article{song_biophysical_2013,
	title = {Biophysical significance of the inner mitochondrial membrane structure on the electrochemical potential of mitochondria},
	volume = {88},
	issn = {1539-3755},
	number = {6},
	journal = {Physical review. E, Statistical, nonlinear, and soft matter physics},
	author = {Song, Dong Hoon and Park, Jonghyun and Maurer, Laura L. and Lu, Wei and Philbert, Martin A. and Sastry, Ann Marie},
	month = dec,
	year = {2013},
	pmid = {24483502PMCID: PMC4315510},
	pages = {062723}
}

@article{steinkraus_replicative_2008,
	title = {Replicative aging in yeast: the means to the end},
	volume = {24},
	issn = {1081-0706},
	doi = {10.1146/annurev.cellbio.23.090506.123509},
	journal = {Annual Review of Cell and Developmental Biology},
	author = {Steinkraus, K. A. and Kaeberlein, M. and Kennedy, B. K.},
	year = {2008},
	pmid = {18616424PMCID: PMC2730916},
	pages = {29--54}
}

@article{sukhorukov_emergence_2012,
	title = {Emergence of the {Mitochondrial} {Reticulum} from {Fission} and {Fusion} {Dynamics}},
	volume = {8},
	issn = {1553-734X},
	url = {http://www.ncbi.nlm.nih.gov/pmc/articles/PMC3486901/},
	doi = {10.1371/journal.pcbi.1002745},
	number = {10},
	journal = {PLoS Computational Biology},
	author = {Sukhorukov, Valerii M. and Dikov, Daniel and Reichert, Andreas S. and Meyer-Hermann, Michael},
	month = oct,
	year = {2012},
	pmid = {23133350PMCID: PMC3486901}
}

@article{sunita_ghimire_gautam_exploration_2009,
	title = {Exploration of {Fluorescent} {Protein} {Voltage} {Probes} {Based} on {Circularly} {Permuted} {Fluorescent} {Proteins}},
	volume = {2},
	issn = {1662-6443},
	doi = {10.3389/neuro.16.014.2009},
	journal = {Frontiers in neuroengineering},
	author = {Sunita Ghimire Gautam, Amelie Perron},
	year = {2009},
	pages = {14}
}

@article{swayne_role_2011,
	title = {Role for {cER} and {Mmr}1p in {Anchorage} of {Mitochondria} at {Sites} of {Polarized} {Surface} {Growth} in {Budding} {Yeast}},
	volume = {21},
	issn = {0960-9822},
	doi = {10.1016/j.cub.2011.10.019},
	number = {23},
	journal = {Current Biology},
	author = {Swayne, Theresa C. and Zhou, Chun and Boldogh, Istvan R. and Charalel, Joseph K. and McFaline-Figueroa, Jose Ricardo and Thoms, Sven and Yang, Christine and Leung, Galen and McInnes, Joseph and Erdmann, Ralf and al, et},
	month = dec,
	year = {2011},
	pages = {1994--1999}
}

@article{tait_mitochondria_2010,
	title = {Mitochondria and cell death: outer membrane permeabilization and beyond},
	volume = {11},
	issn = {1471-0072},
	doi = {10.1038/nrm2952},
	number = {9},
	journal = {Nature Reviews Molecular Cell Biology},
	author = {Tait, Stephen W. G. and Green, Douglas R.},
	month = sep,
	year = {2010},
	pages = {621--632}
}

@article{tondera_slp-2_2009,
	title = {{SLP}-2 is required for stress-induced mitochondrial hyperfusion},
	volume = {28},
	issn = {ERROR! NO ISSN},
	doi = {10.1038/emboj.2009.89},
	number = {11},
	journal = {The EMBO Journal},
	author = {Tondera, Daniel and Grandemange, St{\textbar}[eacute]{\textbar}phanie and Jourdain, Alexis and Karbowski, Mariusz and Mattenberger, Yves and Herzig, S{\textbar}[eacute]{\textbar}bastien and Cruz, Sandrine Da and Clerc, Pascaline and Raschke, Ines and Merkwirth, Carsten and al, et},
	month = apr,
	year = {2009},
	pages = {1589--1600}
}

@article{twig_fission_2008,
	title = {Fission and selective fusion govern mitochondrial segregation and elimination by autophagy},
	volume = {27},
	doi = {10.1038/sj.emboj.7601963},
	number = {2},
	journal = {The EMBO Journal},
	author = {Twig, Gilad and Elorza, Alvaro and Molina, Anthony J. A. and Mohamed, Hibo and Wikstrom, Jakob D. and Walzer, Gil and Stiles, Linsey and Haigh, Sarah E. and Katz, Steve and Las, Guy and al, et},
	month = jan,
	year = {2008},
	pages = {433--446}
}

@article{twig_tagging_2006,
	title = {Tagging and tracking individual networks within a complex mitochondrial web with photoactivatable {GFP}},
	volume = {291},
	issn = {0363-6143, 1522-1563},
	doi = {10.1152/ajpcell.00348.2005},
	number = {1},
	journal = {American Journal of Physiology - Cell Physiology},
	author = {Twig, Gilad and Graf, Solomon A. and Wikstrom, Jakob D. and Mohamed, Hibo and Haigh, Sarah E. and Elorza, Alvaro and Deutsch, Motti and Zurgil, Naomi and Reynolds, Nicole and Shirihai, Orian S.},
	month = jul,
	year = {2006},
	pages = {C176--C184}
}

@article{twig_mitochondrial_2008,
	title = {Mitochondrial fusion, fission and autophagy as a quality control axis: {The} bioenergetic view},
	volume = {1777},
	issn = {0005-2728},
	doi = {10.1016/j.bbabio.2008.05.001},
	number = {9},
	journal = {Biochimica et Biophysica Acta (BBA) - Bioenergetics},
	author = {Twig, Gilad and Hyde, Brigham and Shirihai, Orian S.},
	month = sep,
	year = {2008},
	pages = {1092--1097}
}

@article{valente_hereditary_2004,
	title = {Hereditary early-onset {Parkinson}’s disease caused by mutations in {PINK}1},
	volume = {304},
	issn = {1095-9203},
	doi = {10.1126/science.1096284},
	number = {5674},
	journal = {Science (New York, N.Y.)},
	author = {Valente, Enza Maria and Abou-Sleiman, Patrick M. and Caputo, Viviana and Muqit, Miratul M. K. and Harvey, Kirsten and Gispert, Suzana and Ali, Zeeshan and Del Turco, Domenico and Bentivoglio, Anna Rita and Healy, Daniel G. and al, et},
	month = may,
	year = {2004},
	pmid = {15087508},
	pages = {1158--1160}
}

@article{veatch_mitochondrial_2009,
	title = {Mitochondrial dysfunction leads to nuclear genome instability: {A} link through iron-sulfur clusters},
	volume = {137},
	issn = {0092-8674},
	doi = {10.1016/j.cell.2009.04.014},
	number = {7},
	journal = {Cell},
	author = {Veatch, Joshua R. and McMurray, Michael A. and Nelson, Zara W. and Gottschling, Daniel E.},
	month = jun,
	year = {2009},
	pmid = {19563757PMCID: PMC2759275},
	pages = {1247--1258}
}

@article{vevea_inheritance_2014,
	series = {Special {Issue}: {Membrane} {Trafficking}},
	title = {Inheritance of the fittest mitochondria in yeast},
	volume = {24},
	issn = {0962-8924},
	doi = {10.1016/j.tcb.2013.07.003},
	number = {1},
	journal = {Trends in Cell Biology},
	author = {Vevea, Jason D. and Swayne, Theresa C. and Boldogh, Istvan R. and Pon, Liza A.},
	month = jan,
	year = {2014},
	pages = {53--60}
}

@incollection{viana_chapter_2015,
	series = {Biophysical {Methods} in {Cell} {Biology}},
	title = {Chapter 6 - {Quantifying} mitochondrial content in living cells},
	volume = {125},
	url = {http://www.sciencedirect.com/science/article/pii/S0091679X14000041},
	booktitle = {Methods in {Cell} {Biology}},
	publisher = {Academic Press},
	author = {Viana, Matheus Palhares and Lim, Swee and Rafelski, Susanne M.},
	editor = {Paluch, Ewa K.Editor},
	year = {2015},
	pages = {77--93}
}

@article{vogel_dynamic_2006,
	title = {Dynamic subcompartmentalization of the mitochondrial inner membrane},
	volume = {175},
	issn = {0021-9525, 1540-8140},
	doi = {10.1083/jcb.200605138},
	number = {2},
	journal = {The Journal of Cell Biology},
	author = {Vogel, Frank and Bornhovd, Carsten and Neupert, Walter and Reichert, Andreas S.},
	month = oct,
	year = {2006},
	pmid = {17043137},
	pages = {237--247}
}

@article{vowinckel_mitoloc:_2015,
	title = {{MitoLoc}: {A} method for the simultaneous quantification of mitochondrial network morphology and membrane potential in single cells},
	volume = {24},
	issn = {1567-7249},
	doi = {10.1016/j.mito.2015.07.001},
	journal = {Mitochondrion},
	author = {Vowinckel, Jakob and Hartl, Johannes and Butler, Richard and Ralser, Markus},
	month = sep,
	year = {2015},
	pages = {77--86}
}

@article{wallace_mitochondrial_2005,
	title = {A {Mitochondrial} {Paradigm} of {Metabolic} and {Degenerative} {Diseases}, {Aging}, and {Cancer}: {A} {Dawn} for {Evolutionary} {Medicine}},
	volume = {39},
	issn = {0066-4197},
	doi = {10.1146/annurev.genet.39.110304.095751},
	journal = {Annual review of genetics},
	author = {Wallace, Douglas C.},
	year = {2005},
	pmid = {16285865PMCID: PMC2821041},
	pages = {359}
}

@article{wang_impaired_2009,
	title = {Impaired {Balance} of {Mitochondria} {Fission} and {Fusion} in {Alzheimer} {Disease}},
	volume = {29},
	issn = {0270-6474},
	doi = {10.1523/JNEUROSCI.1357-09.2009},
	number = {28},
	journal = {The Journal of neuroscience : the official journal of the Society for Neuroscience},
	author = {Wang, Xinglong and Su, Bo and Lee, Hyoung-gon and Li, Xinyi and Perry, George and Smith, Mark A. and Zhu, Xiongwei},
	month = jul,
	year = {2009},
	pmid = {19605646PMCID: PMC2735241},
	pages = {9090--9103}
}

@article{watson_organization_1972,
	title = {{THE} {ORGANIZATION} {OF} {RIBOSOMAL} {GRANULES} {WITHIN} {MITOCHONDRIAL} {STRUCTURES} {OF} {AEROBIC} {AND} {ANAEROBIC} {CELLS} {OF} {SACCHAROMYCES} {CEREVISAE}},
	volume = {55},
	issn = {0021-9525},
	number = {3},
	journal = {The Journal of Cell Biology},
	author = {Watson, Kenneth},
	month = dec,
	year = {1972},
	pmid = {4571231PMCID: PMC2108809},
	pages = {721--726}
}

@book{weisstein_wiener-khinchin_????,
	title = {Wiener-{Khinchin} {Theorem}},
	url = {http://mathworld.wolfram.com/Wiener-KhinchinTheorem.html},
	author = {Weisstein, Eric W.}
}

@phdthesis{wickham_practical_2008,
	title = {Practical {Tools} for {Exploring} {Data} and {Models}},
	school = {ProQuest},
	author = {Wickham, Hadley},
	year = {2008}
}

@article{wickham_tidy_2014,
	title = {Tidy data},
	volume = {59},
	url = {http://www.jstatsoft.org/v59/i10/},
	number = {10},
	journal = {The Journal of Statistical Software},
	author = {Wickham, Hadley},
	year = {2014}
}

@article{wiedemann_protein_2004,
	title = {The {Protein} {Import} {Machinery} of {Mitochondria}},
	volume = {279},
	issn = {0021-9258, 1083-351X},
	doi = {10.1074/jbc.R400003200},
	number = {15},
	journal = {Journal of Biological Chemistry},
	author = {Wiedemann, Nils and Frazier, Ann E. and Pfanner, Nikolaus},
	month = apr,
	year = {2004},
	pmid = {14973134},
	pages = {14473--14476}
}

@article{wikstrom_-cell_2007,
	title = {$\beta$-{Cell} {Mitochondria} {Exhibit} {Membrane} {Potential} {Heterogeneity} {That} {Can} {Be} {Altered} by {Stimulatory} or {Toxic} {Fuel} {Levels}},
	volume = {56},
	issn = {0012-1797, 1939-327X},
	doi = {10.2337/db06-0757},
	number = {10},
	journal = {Diabetes},
	author = {Wikstrom, Jakob D. and Katzman, Shana M. and Mohamed, Hibo and Twig, Gilad and Graf, Solomon A. and Heart, Emma and Molina, Anthony J. A. and Corkey, Barbara E. and Vargas, Lina Moitoso de and Danial, Nika N. and al, et},
	month = oct,
	year = {2007},
	pmid = {17686943},
	pages = {2569--2578}
}

@article{wilkens_restricted_2013,
	title = {Restricted diffusion of {OXPHOS} complexes in dynamic mitochondria delays their exchange between cristae and engenders a transitory mosaic distribution},
	volume = {126},
	issn = {0021-9533, 1477-9137},
	doi = {10.1242/jcs.108852},
	number = {1},
	journal = {Journal of Cell Science},
	author = {Wilkens, V. and Kohl, W. and Busch, K.},
	month = jan,
	year = {2013},
	pages = {103--116}
}

@book{wilkinson_grammar_2005,
	series = {Statistics and {Computing}},
	title = {The {Grammar} of {Graphics}},
	isbn = {0-387-24544-8},
	url = {http://link.springer.com/10.1007/0-387-28695-0},
	publisher = {Springer-Verlag},
	author = {Wilkinson, Leland},
	year = {2005}
}

@article{wills_regulation_1990,
	title = {Regulation of {Sugar} and {Ethanol} {Metabolism} in {Saccharomyces} cerevisiae},
	volume = {25},
	issn = {1040-9238},
	doi = {10.3109/10409239009090611},
	number = {4},
	journal = {Critical Reviews in Biochemistry and Molecular Biology},
	author = {Wills, Christopher},
	month = jan,
	year = {1990},
	pages = {245--280}
}

@article{yotsuyanagi_[study_1962,
	title = {Study of yeast mitochondria. {I}. Variations in mitochondrial ultrastructure during the aerobic growth cycle},
	volume = {7},
	issn = {0022-5320},
	journal = {Journal of Ultrastructure Research},
	author = {Yotsuyanagi, Y.},
	month = aug,
	year = {1962},
	pmid = {14002756},
	pages = {121--140}
}

@article{youle_mitochondrial_2012,
	title = {Mitochondrial {Fission}, {Fusion}, and {Stress}},
	volume = {337},
	issn = {0036-8075, 1095-9203},
	doi = {10.1126/science.1219855},
	number = {6098},
	journal = {Science},
	author = {Youle, Richard J. and Bliek, Alexander M. van der},
	month = aug,
	year = {2012},
	pages = {1062--1065}
}

@article{yu_mutant_2003,
	title = {Mutant {Huntingtin} {Causes} {Context}-{Dependent} {Neurodegeneration} in {Mice} with {Huntington}’s {Disease}},
	volume = {23},
	issn = {0270-6474, 1529-2401},
	number = {6},
	journal = {The Journal of Neuroscience},
	author = {Yu, Zhao-Xue and Li, Shi-Hua and Evans, Joy and Pillarisetti, Ajay and Li, He and Li, Xiao-Jiang},
	month = mar,
	year = {2003},
	pmid = {12657678},
	pages = {2193--2202}
}

@article{zick_cristae_2009,
	series = {Assembly of the {Mitochondrial} {Respiratory} {Chain}},
	title = {Cristae formation—linking ultrastructure and function of mitochondria},
	volume = {1793},
	issn = {0167-4889},
	doi = {10.1016/j.bbamcr.2008.06.013},
	number = {1},
	journal = {Biochimica et Biophysica Acta (BBA) - Molecular Cell Research},
	author = {Zick, Michael and Rabl, Regina and Reichert, Andreas S.},
	month = jan,
	year = {2009},
	pages = {5--19}
}

@book{_nist_2010,
	title = {{NIST} {Handbook} of {Mathematical} {Functions}},
	publisher = {Cambridge University Press},
	year = {2010},
	note = {Print companion to citeNIST:DLMF}
}

@incollection{_fluorescence_2012,
	series = {Methods in {Molecular} {Biology}},
	title = {Fluorescence {Measurement} of {Mitochondrial} {Membrane} {Potential} {Changes} in {Cultured} {Cells} - {Springer}},
	isbn = {978-1-61779-381-3},
	url = {http://link.springer.com/protocol/10.1007%2F978-1-61779-382-0_8#page-1},
	publisher = {Humana Press},
	year = {2012}
}

@book{graphtheory,
	url = {http://store.doverpublications.com/0486678709.html}
	}
	
@article{houtkooper_cardiolipin_2008,
	title = {Cardiolipin, the heart of mitochondrial metabolism},
	volume = {65},
	issn = {1420-682X, 1420-9071},
	url = {http://link.springer.com/article/10.1007/s00018-008-8030-5},
	doi = {10.1007/s00018-008-8030-5},
	language = {en},
	number = {16},
	urldate = {2015-09-13},
	journal = {Cell. Mol. Life Sci.},
	author = {Houtkooper, R. H. and Vaz, F. M.},
	month = apr,
	year = {2008}
}

@article{westermann_bioenergetic_2012,
	title = {Bioenergetic role of mitochondrial fusion and fission},
	volume = {1817},
	issn = {00052728},
	url = {http://linkinghub.elsevier.com/retrieve/pii/S0005272812000692},
	doi = {10.1016/j.bbabio.2012.02.033},
	number = {10},
	urldate = {2012-08-27},
	journal = {Biochimica et Biophysica Acta (BBA) - Bioenergetics},
	author = {Westermann, Benedikt},
	month = oct,
	year = {2012},
	}
