%% LaTeX2e file `mytestbib.bib'
%% generated by the `filecontents' environment
%% from source `thesis' on 2015/11/13.
%%
@book{goossens93,
    author = "Frank Mittelbach and Michel Goossens  and Johannes Braams and David Carlisle  and Chris Rowley",
    title = "The {LaTeX} Companion",
    year = "1993",
    publisher = "Addison-Wesley",
    address = "Reading, Massachusetts"
}
